<?xml version="1.0" encoding="UTF-8"?><collection xmlns="http://www.loc.gov/MARC21/slim"><record><leader>00483nam--2200169-i-4500</leader><controlfield tag="001">000006152</controlfield><controlfield tag="002">20161230</controlfield><controlfield tag="005">20161230201026</controlfield><controlfield tag="008">060222s1000------------r-----000-0-eng-d</controlfield><datafield ind1=" " ind2=" " tag="040"><subfield code="a">IFIN-HH</subfield></datafield><datafield ind1=" " ind2=" " tag="080"><subfield code="a">539.14:061.3</subfield></datafield><datafield ind1="1" ind2=" " tag="100"><subfield code="a">Birks, J. B</subfield></datafield><datafield ind1="1" ind2="0" tag="245"><subfield code="a">Proceedings of the rutherford jubilee international conference</subfield><subfield code="b">Manchester 1961</subfield><subfield code="c">J.b. birks (ed.)</subfield></datafield><datafield ind1=" " ind2=" " tag="260"><subfield code="a">London</subfield><subfield code="b">Heywood And Co Ltd</subfield><subfield code="c">1961</subfield></datafield><datafield ind1=" " ind2=" " tag="300"><subfield code="a">856 P</subfield></datafield><datafield ind1=" " ind2=" " tag="852"><subfield code="a">17313</subfield><subfield code="c">539.14</subfield></datafield><datafield ind1=" " ind2=" " tag="CAT"><subfield code="a">Sys</subfield><subfield code="c">20120323</subfield><subfield code="h">092830</subfield></datafield></record></collection>